% bib

@article{long2010unified,
  title={Unified embedded parallel finite element computations via software-based Fr{\'e}chet differentiation},
  author={Long, Kevin and Kirby, Robert and van Bloemen Waanders, Bart},
  journal={SIAM Journal on Scientific Computing},
  volume={32},
  number={6},
  pages={3323--3351},
  year={2010},
  publisher={SIAM}
}

@article{long2004efficient,
  title={Efficient discretization and differentiation of partial differential equations through automatic functional differentiation},
  author={Long, Kevin},
  journal={Automatic Differentiation},
  volume={2004},
  year={2004}
}

@book{gockenbach2006understanding,
  title={Understanding and implementing the finite element method},
  author={Gockenbach, Mark S},
  volume={97},
  year={2006},
  publisher={Siam}
}

@book{hughes2012finite,
  title={The finite element method: linear static and dynamic finite element analysis},
  author={Hughes, Thomas JR},
  year={2012},
  publisher={Courier Corporation}
}

@book{logg2012automated,
  title={Automated solution of differential equations by the finite element method: The FEniCS book},
  author={Logg, Anders and Mardal, Kent-Andre and Wells, Garth},
  volume={84},
  year={2012},
  publisher={Springer Science \& Business Media}
}

@phdthesis{engwer2018partitioned,
  title={Partitioned implicit Runge-Kutta timesteppers for micromagnetics with eddy currents},
  author={Engwer, Josh},
  year={2018}
}

@book{landau1960mechanics,
  title={Mechanics},
  author={Landau, Lev Davidovich and Lifschitz, Evegeny},
  volume={1},
  year={1960},
  publisher={CUP Archive}
}

@book{thornton2021classical,
  title={Classical dynamics of particles and systems},
  author={Thornton, Stephen T and Marion, Jerry B},
  year={2021},
  publisher={Cengage Learning}
}

@misc{hand2000analytical,
  title={Analytical mechanics},
  author={Hand, Louis and Finch, Janet},
  year={2000},
  publisher={American Association of Physics Teachers}
}
